@article{lake2017review,
	title="Review of district heating and cooling systems for a sustainable future",
	author="Lake, Andrew and Rezaie, Behnaz and Beyerlein, Steven",
	journal="Renewable and Sustainable Energy Reviews",
	volume="67",
	pages="417--425",
	year="2017",
	publisher="Elsevier",
	doi="https://doi.org/10.1016/j.rser.2016.09.061"
}

@article{seyboth2008recognising,
	title="Recognising the potential for renewable energy heating and cooling",
	author="Seyboth, Kristin and Beurskens, Luuk and Langniss, Ole and Sims, Ralph EH",
	journal="Energy Policy",
	volume="36",
	number="7",
	pages="2460--2463",
	year="2008",
	publisher="Elsevier",
	doi="https://doi.org/10.1016/j.enpol.2008.02.046"
}

@article{popovski2018technical,
	title="Technical and economic feasibility of sustainable heating and cooling supply options in southern European municipalities-A case study for Matosinhos, Portugal",
	author="Popovski, Eftim and Fleiter, Tobias and Santos, Hugo and Leal, Vitor and Fernandes, Eduardo Oliveira",
	journal="Energy",
	volume="153",
	pages="311--323",
	year="2018",
	publisher="Elsevier",
	doi="https://doi.org/10.1016/j.energy.2018.04.036"
}

@article{sovacool2019decarbonization,
	title="Decarbonization and its discontents: a critical energy justice perspective on four low-carbon transitions",
	author="Sovacool, Benjamin K and Martiskainen, Mari and Hook, Andrew and Baker, Lucy",
	journal="Climatic Change",
	volume="155",
	number="4",
	pages="581--619",
	year="2019",
	publisher="Springer",
	doi="https://doi.org/10.1007/s10584-019-02521-7"
}

@article{sovacool2019temporality,
	title="Temporality, vulnerability, and energy justice in household low carbon innovations",
	author="Sovacool, Benjamin K and Lipson, Matthew M and Chard, Rose",
	journal="Energy Policy",
	volume="128",
	pages="495--504",
	year="2019",
	publisher="Elsevier",
	doi="https://doi.org/10.1016/j.enpol.2019.01.010"
}

@article{pellegrini2020energy,
	title="Energy justice revisited: A critical review on the philosophical and political origins of equality",
	author="Pellegrini-Masini, Giuseppe and Pirni, Alberto and Maran, Stefano",
	journal="Energy Research \& Social Science",
	volume="59",
	pages="101310",
	year="2020",
	publisher="Elsevier",
	doi="https://doi.org/10.1016/j.erss.2019.101310"
}

@article{jenkins2018humanizing,
	title="Humanizing sociotechnical transitions through energy justice: An ethical framework for global transformative change",
	author="Jenkins, Kirsten and Sovacool, Benjamin K and McCauley, Darren",
	journal="Energy Policy",
	volume="117",
	pages="66--74",
	year="2018",
	publisher="Elsevier",
	doi="https://doi.org/10.1016/j.enpol.2018.02.036"
}

@article{broto2018energy,
	title="Energy justice and sustainability transitions in Mozambique",
	author="Broto, Vanesa Cast{\'a}n and Baptista, Idalina and Kirshner, Joshua and Smith, Shaun and Alves, Susana Neves",
	journal="Applied Energy",
	volume="228",
	pages="645--655",
	year="2018",
	publisher="Elsevier",
	doi="https://doi.org/10.1016/j.apenergy.2018.06.057"
}

@article{mundaca2018successful,
	title="‘Successful’low-carbon energy transitions at the community level? An energy justice perspective",
	author="Mundaca, Luis and Busch, Henner and Schwer, Sophie",
	journal="Applied Energy",
	volume="218",
	pages="292--303",
	year="2018",
	publisher="Elsevier",
	doi="https://doi.org/10.1016/j.apenergy.2018.02.146"
}

@article{xu2019energy,
	title="Energy efficiency and energy justice for US low-income households: An analysis of multifaceted challenges and potential",
	author="Xu, Xiaojing and Chen, Chien-fei",
	journal="Energy Policy",
	volume="128",
	pages="763--774",
	year="2019",
	publisher="Elsevier",
	doi="https://doi.org/10.1016/j.enpol.2019.01.020"
}

@article{willand2018they,
	title="“They are grinding us into the ground”--The lived experience of (in) energy justice amongst low-income older households",
	author="Willand, Nicola and Horne, Ralph",
	journal="Applied Energy",
	volume="226",
	pages="61--70",
	year="2018",
	publisher="Elsevier",
	doi="https://doi.org/10.1016/j.apenergy.2018.05.079"
}

@article{reames2016targeting,
	title="Targeting energy justice: Exploring spatial, racial/ethnic and socioeconomic disparities in urban residential heating energy efficiency",
	author="Reames, Tony Gerard",
	journal="Energy Policy",
	volume="97",
	pages="549--558",
	year="2016",
	publisher="Elsevier",
	doi="https://doi.org/10.1016/j.enpol.2016.07.048"
}

@article{hiteva2017harnessing,
	title="Harnessing social innovation for energy justice: A business model perspective",
	author="Hiteva, Ralitsa and Sovacool, Benjamin",
	journal="Energy Policy",
	volume="107",
	pages="631--639",
	year="2017",
	publisher="Elsevier",
	doi="https://doi.org/10.1016/j.enpol.2017.03.056"
}

@article{hanke2021renewable,
	title="Do renewable energy communities deliver energy justice? Exploring insights from 71 European cases",
	author="Hanke, Florian and Guyet, Rachel and Feenstra, Marielle",
	journal="Energy Research \& Social Science",
	volume="80",
	pages="102244",
	year="2021",
	publisher="Elsevier",
	doi="https://doi.org/10.1016/j.erss.2021.102244"
}














@article{huppmann2021pyam,
	title="pyam: Analysis and visualisation of integrated assessment and macro-energy scenarios",
	author="Huppmann, Daniel and Gidden, M and Nicholls, Zebedee and H{\"o}rsch, Jonas and Lamboll, Robin and Kishimoto, P and Burandt, Thorsten and Fricko, Oliver and Byers, Edward and Kikstra, Jarmo and others",
	journal="Open Research Europe",
	volume="1",
	number="74",
	pages="74",
	year="2021",
	publisher="F1000 Research Limited",
	doi="https://doi.org/10.12688/openreseurope.13633.2"
}



@article{auer2020development,
	title="{Development and modelling of different decarbonization scenarios of the European energy system until 2050 as a contribution to achieving the ambitious 1.5°C climate target--establishment of open source/data modelling in the European H2020 project openENTRANCE}",
	author="Auer, Hans and del Granado, Pedro Crespo and Oei, Pao-Yu and Hainsch, Karlo and L{\"o}ffler, Konstantin and Burandt, Thorsten and Huppmann, Daniel and Grabaak, Ingeborg",
	journal="{e \& i Elektrotechnik und Informationstechnik}",
	pages="1--13.~",
	year="2020",
	publisher="Springer",
	doi="https://doi.org/10.1007/s00502-020-00832-7"
}


@misc{agreement2015paris,
	author="{United Nations Framework Convention on Climate Change (UNFCCC)}",
	title="{Conference of the Parties Twenty-first session: Adoption of the Paris Agreement}",
	year="2015",
	note = "{retrieved on 19.09.2021, \url{https://unfccc.int/resource/docs/2015/cop21/eng/l09r01.pdf}}"
}

@book{book,
	author = {IPCC, and Masson-Delmotte, Valerie and Zhai, P. and P{\o}rtner, Hans-Otto and Roberts, Debra and Skea, Jim and Shukla, P. and Pirani, Anna and Moufouma-Okia, Wilfran and P\'{e}an, C. and Pidcock, R. and Connors, Sarah and Matthews, Robin and Chen, Y. and Zhou, X. and Gomis, Melissa and Lonnoy, E. and Maycock, T. and Tignor, M. and Tabatabaei, MuhammadReza},
	year = {2018},
	month = {12},
	pages = {},
	title = {Global warming of 1.5°C. An IPCC Special Report on the impacts of global warming of 1.5°C above pre-industrial levels and related global greenhouse gas emission pathways, in the context of strengthening the global response to the threat of climate change, sustainable development, and efforts to eradicate poverty}
}

@misc{explorer,
	author="Huppmann, Daniel and Kriegler, Elmar and Krey, Volker",
	title = "{IAMC 1.5°C Scenario Explorer and Data hosted by IIASA (version 2.0}",
	year = "{2019}",
	doi = "https://doi.org/10.5281/zenodo.3363345",
	note = "{retrieved on 04.09.2021,
	\url{https://data.ece.iiasa.ac.at/iamc-1.5c-explorer/}}"
}


@article{zwickl2021demystifying,
	title="Demystifying natural gas distribution grid decommissioning: An open-source approach to local deep decarbonization of urban neighborhoods",
	author="Zwickl-Bernhard, Sebastian and Auer, Hans",
	journal="Energy",
	pages="121805",
	year="2021",
	publisher="Elsevier",
	doi="https://doi.org/10.1016/j.energy.2021.121805"
}

@misc{european_commission_european_2019,
	author = "{European Commission}",
	title = "{COMMUNICATION FROM THE COMMISSION TO THE EUROPEAN PARLIAMENT, THE COUNCIL, THE EUROPEAN ECONOMIC AND SOCIAL COMMITTEE AND THE COMMITTEE OF THE REGIONS 'Fit for 55': delivering the EU's 2030 Climate Target on the way to climate neutrality}",
	year = "{2021}",
	number="{COM/2021/550 final}",
	note = "{retrieved on 04.09.2021, 
	\url{https://eur-lex.europa.eu/legal-content/EN/TXT/?uri=CELEX:52021DC0550}}"
}

@misc{hart2017optimization,
	title="{Optimization Modeling in Python—Springer Optimization and Its Applications}",
	author="Hart, WE and Laird, CD and Watson, JP and Woodruff, DL and Hackebeil, GA and Nicholson, BL and Siirola, JD",
	year="2017",
	publisher="Springer: Berlin, Germany"
}

@misc{BDEW2019,
	title="{Wie heizt Deutschland 2019}",
	author="{BDEW Bundesverband der Energie- und Wasserwirtschaft e.V.}",
	year="2019",
	note = "{retrieved on 18.10.2021, \url{https://www.bdew.de/energie/studie-wie-heizt-deutschland/}}"
}

@misc{statistikaustriaheizen,
	title="{Heizungen 2003 bis 2020 nach Bundesl{\"a}ndern, verwendetem Energieträger und Art der Heizung}",
	author="{Statistik Austria}",
	year="2020",
	note = "{retrieved on 18.10.2021, \url{https://www.statistik.at/web_de/statistiken/energie_umwelt_innovation_mobilitaet/energie_und_umwelt/energie/energieeinsatz_der_haushalte/index.html}}"
}

@misc{auer2019quantitative,
	title="{Storylines for low-carbon futures of the European energy system}",
	author="Auer, Hans and del Granado, Pedro Crespo and Backe, Stian and Pisciella, Paolo and Hainsch, Karlo",
	year="2019",
	howpublished = "Deliverable D7.1, openENTRANCE, \url{https://openentrance.eu/}",
}

@misc{auer2020quantitative,
	title="{Quantitative Scenarios for Low Carbon Futures of the Pan-European Energy System}",
	author="Auer, Hans and del Granado, Pedro Crespo and Huppmann, Daniel and Oei, Pao-Yu and Hainsch, Karlo and L{\"o}ffler, Konstantin and Burandt, Thorsten",
	year="2020",
	howpublished = "Deliverable D3.1, openENTRANCE, \url{https://openentrance.eu/}",
}

@article{reuter2012renewable,
	title="Renewable energy investment: Policy and market impacts",
	author="Reuter, Wolf Heinrich and Szolgayov{\'a}, Jana and Fuss, Sabine and Obersteiner, Michael",
	journal="Applied Energy",
	volume="97",
	pages="249--254",
	year="2012",
	publisher="Elsevier",
	doi="https://doi.org/10.1016/j.apenergy.2012.01.021"
}

@article{zhou2011designing,
	title="Designing effective and efficient incentive policies for renewable energy in generation expansion planning",
	author="Zhou, Ying and Wang, Lizhi and McCalley, James D",
	journal="Applied Energy",
	volume="88",
	number="6",
	pages="2201--2209",
	year="2011",
	publisher="Elsevier",
	doi="https://doi.org/10.1016/j.apenergy.2010.12.022"
}

@article{ozorhon2018generating,
	title="Generating a framework to facilitate decision making in renewable energy investments",
	author="Ozorhon, Beliz and Batmaz, Arda and Caglayan, Semih",
	journal="Renewable and Sustainable Energy Reviews",
	volume="95",
	pages="217--226",
	year="2018",
	publisher="Elsevier",
	doi="https://doi.org/10.1016/j.rser.2018.07.035"
}

@article{wustenhagen2012strategic,
	title="Strategic choices for renewable energy investment: Conceptual framework and opportunities for further research",
	author="W{\"u}stenhagen, Rolf and Menichetti, Emanuela",
	journal="Energy Policy",
	volume="40",
	pages="1--10",
	year="2012",
	publisher="Elsevier",
	doi="https://doi.org/10.1016/j.enpol.2011.06.050"
}

@article{sopha2011exploring,
	title="Exploring policy options for a transition to sustainable heating system diffusion using an agent-based simulation",
	author="Sopha, Bertha Maya and Kl{\"o}ckner, Christian A and Hertwich, Edgar G",
	journal="Energy Policy",
	volume="39",
	number="5",
	pages="2722--2729",
	year="2011",
	publisher="Elsevier",
	doi="https://doi.org/10.1016/j.enpol.2011.02.041"
}

@article{couture2010analysis,
	title="An analysis of feed-in tariff remuneration models: Implications for renewable energy investment",
	author="Couture, Toby and Gagnon, Yves",
	journal="Energy policy",
	volume="38",
	number="2",
	pages="955--965",
	year="2010",
	publisher="Elsevier",
	doi="https://doi.org/10.1016/j.enpol.2009.10.047"
}

@article{masini2012impact,
	title="The impact of behavioural factors in the renewable energy investment decision making process: Conceptual framework and empirical findings",
	author="Masini, Andrea and Menichetti, Emanuela",
	journal="Energy Policy",
	volume="40",
	pages="28--38",
	year="2012",
	publisher="Elsevier",
	doi="https://doi.org/10.1016/j.enpol.2010.06.062"
}

@article{aslani2012prime,
	title="The prime criteria for private sector participation in renewable energy investment in the Middle East (case study: Iran)",
	author="Aslani, Alireza and Naaranoja, Marja and Zakeri, Behnam",
	journal="Renewable and Sustainable Energy Reviews",
	volume="16",
	number="4",
	pages="1977--1987",
	year="2012",
	publisher="Elsevier",
	doi="https://doi.org/10.1016/j.rser.2011.12.015"
}

@article{rodriguez2015renewable,
	title="Renewable energy policies and private sector investment: Evidence from financial microdata",
	author="Rodr{\'\i}guez, Miguel C{\'a}rdenas and Ha{\v{s}}{\v{c}}i{\v{c}}, Ivan and Johnstone, Nick and Silva, J{\'e}r{\^o}me and Ferey, Antoine",
	journal="Environmental and resource economics",
	volume="62",
	number="1",
	pages="163--188",
	year="2015",
	publisher="Springer",
	doi="https://doi.org/10.1007/s10640-014-9820-x"
}

@article{eitan2019community,
	title="Community--private sector partnerships in renewable energy",
	author="Eitan, Avri and Herman, Lior and Fischhendler, Itay and Rosen, Gillad",
	journal="Renewable and Sustainable Energy Reviews",
	volume="105",
	pages="95--104",
	year="2019",
	publisher="Elsevier",
	doi="https://doi.org/10.1016/j.rser.2018.12.058"
}

@article{schmidt2013attracting,
	title="Attracting private investments into rural electrification—A case study on renewable energy based village grids in Indonesia",
	author="Schmidt, Tobias S and Blum, Nicola U and Wakeling, Ratri Sryantoro",
	journal="Energy for Sustainable Development",
	volume="17",
	number="6",
	pages="581--595",
	year="2013",
	publisher="Elsevier",
	doi="https://doi.org/10.1016/j.esd.2013.10.001"
}

@article{williams2015enabling,
	title="Enabling private sector investment in microgrid-based rural electrification in developing countries: A review",
	author="Williams, Nathaniel J and Jaramillo, Paulina and Taneja, Jay and Ustun, Taha Selim",
	journal="Renewable and Sustainable Energy Reviews",
	volume="52",
	pages="1268--1281",
	year="2015",
	publisher="Elsevier",
	doi="https://doi.org/10.1016/j.rser.2015.07.153"
}

@article{hecher2017trigger,
	title="The trigger matters: The decision-making process for heating systems in the residential building sector",
	author="Hecher, Maria and Hatzl, Stefanie and Knoeri, Christof and Posch, Alfred",
	journal="Energy Policy",
	volume="102",
	pages="288--306",
	year="2017",
	publisher="Elsevier",
	doi="https://doi.org/10.1016/j.enpol.2016.12.004"
}

@article{bezdek1982much,
	title="How much subsidy should solar energy receive?",
	author="Bezdek, Roger H and Kannan, Narasimhan P",
	journal="Energy",
	volume="7",
	number="3",
	pages="301--311",
	year="1982",
	publisher="Elsevier",
	doi="https://doi.org/10.1016/0360-5442(82)90078-0"
}

@article{ma2012existing,
	title="Existing building retrofits: Methodology and state-of-the-art",
	author="Ma, Zhenjun and Cooper, Paul and Daly, Daniel and Ledo, Laia",
	journal="Energy and Buildings",
	volume="55",
	pages="889--902",
	year="2012",
	publisher="Elsevier",
	doi="https://doi.org/10.1016/j.enbuild.2012.08.018"
}

@article{weinberger2021investigating,
	title="Investigating techno-economic effects and environmental impacts of energy renovation of residential building clusters on a district heating system",
	author="Weinberger, Gottfried and Amiri, Shahnaz and Moshfegh, Bahram",
	journal="Energy and Buildings",
	volume="251",
	pages="111327",
	year="2021",
	publisher="Elsevier",
	doi="https://doi.org/10.1016/j.enbuild.2021.111327"
}

@article{fina2019profitability,
	title="Profitability of active retrofitting of multi-apartment buildings: Building-attached/integrated photovoltaics with special consideration of different heating systems",
	author="Fina, Bernadette and Auer, Hans and Friedl, Werner",
	journal="Energy and Buildings",
	volume="190",
	pages="86--102",
	year="2019",
	publisher="Elsevier"
}

@article{rama2018introduction,
	title="Introduction of new decentralised renewable heat supply in an existing district heating system",
	author="R{\"a}m{\"a}, Miika and Wahlroos, Mikko",
	journal="Energy",
	volume="154",
	pages="68--79",
	year="2018",
	publisher="Elsevier",
	doi="https://doi.org/10.1016/j.energy.2018.03.105"
}

@article{su2018heating,
	title="Heating solutions for residential buildings in China: Current status and future outlook",
	author="Su, Chang and Madani, Hatef and Palm, Bj{\"o}rn",
	journal="Energy Conversion and Management",
	volume="177",
	pages="493--510",
	year="2018",
	publisher="Elsevier",
	doi="https://doi.org/10.1016/j.enconman.2018.10.005"
}

@article{ostergaard2019costs,
	title="Costs and benefits of preparing existing Danish buildings for low-temperature district heating",
	author="{\O}stergaard, Dorte Skaarup and Svendsen, Svend",
	journal="Energy",
	volume="176",
	pages="718--727",
	year="2019",
	publisher="Elsevier",
	doi="https://doi.org/10.1016/j.energy.2019.03.186"
}

@article{vieites2015european,
	title="European initiatives towards improving the energy efficiency in existing and historic buildings",
	author="Vieites, Esteban and Vassileva, Iana and Arias, Juan E",
	journal="Energy Procedia",
	volume="75",
	pages="1679--1685",
	year="2015",
	publisher="Elsevier",
	doi="https://doi.org/10.1016/j.egypro.2015.07.418"
}

@article{leibowicz2018optimal,
	title="Optimal decarbonization pathways for urban residential building energy services",
	author="Leibowicz, Benjamin D and Lanham, Christopher M and Brozynski, Max T and V{\'a}zquez-Canteli, Jos{\'e} R and Castej{\'o}n, Nicol{\'a}s Castillo and Nagy, Zoltan",
	journal="Applied Energy",
	volume="230",
	pages="1311--1325",
	year="2018",
	publisher="Elsevier",
	doi="https://doi.org/10.1016/j.apenergy.2018.09.046"
}

@article{connolly2014heat,
	title="Heat Roadmap Europe: Combining district heating with heat savings to decarbonise the EU energy system",
	author="Connolly, David and Lund, Henrik and Mathiesen, Brian Vad and Werner, Sven and M{\"o}ller, Bernd and Persson, Urban and Boermans, Thomas and Trier, Daniel and {\O}stergaard, Poul Alberg and Nielsen, Steffen",
	journal="Energy Policy",
	volume="65",
	pages="475--489",
	year="2014",
	publisher="Elsevier",
	doi="https://doi.org/10.1016/j.enpol.2013.10.035"
}

@article{nageli2020policies,
	title="Policies to decarbonize the Swiss residential building stock: An agent-based building stock modeling assessment",
	author="N{\"a}geli, Claudio and Jakob, Martin and Catenazzi, Giacomo and Ostermeyer, York",
	journal="Energy Policy",
	volume="146",
	pages="111814",
	year="2020",
	publisher="Elsevier",
	doi="https://doi.org/10.1016/j.enpol.2020.111814"
}

@article{codagnone2016scoping,
	title="Scoping the sharing economy: Origins, definitions, impact and regulatory issues",
	author="Codagnone, Cristiano and Martens, Bertin",
	journal="Cristiano Codagnone and Bertin Martens (2016). Scoping the Sharing Economy: Origins, Definitions, Impact and Regulatory Issues. Institute for Prospective Technological Studies Digital Economy Working Paper",
	volume="1",
	year="2016",
	doi="https://dx.doi.org/10.2139/ssrn.2783662"
}

@article{sousa2019peer,
	title="Peer-to-peer and community-based markets: A comprehensive review",
	author="Sousa, Tiago and Soares, Tiago and Pinson, Pierre and Moret, Fabio and Baroche, Thomas and Sorin, Etienne",
	journal="Renewable and Sustainable Energy Reviews",
	volume="104",
	pages="367--378",
	year="2019",
	publisher="Elsevier",
	doi="https://doi.org/10.1016/j.rser.2019.01.036"
}

@article{koirala2016energetic,
	title="Energetic communities for community energy: A review of key issues and trends shaping integrated community energy systems",
	author="Koirala, Binod Prasad and Koliou, Elta and Friege, Jonas and Hakvoort, Rudi A and Herder, Paulien M",
	journal="Renewable and Sustainable Energy Reviews",
	volume="56",
	pages="722--744",
	year="2016",
	publisher="Elsevier",
	doi="https://doi.org/10.1016/j.rser.2015.11.080"
}





